<record><leader>00000cas a22000007a 4500</leader><controlfield tag="001">11731333</controlfield><controlfield tag="008">850225c19089999utucr ne      0   a0eng d</controlfield><datafield ind1=" " ind2=" " tag="010"><subfield code="a">sn 85058022 </subfield></datafield><datafield ind1=" " ind2=" " tag="040"><subfield code="a">UNP</subfield><subfield code="b">eng</subfield><subfield code="c">UNP</subfield><subfield code="d">NSD</subfield><subfield code="d">UBY</subfield><subfield code="d">OCLCQ</subfield><subfield code="d">OCLCF</subfield><subfield code="d">OCLCO</subfield></datafield><datafield ind1=" " ind2=" " tag="012"><subfield code="m">1</subfield></datafield><datafield ind1="1" ind2=" " tag="022"><subfield code="a">0890-8737</subfield><subfield code="l">0890-8737</subfield><subfield code="2">1</subfield></datafield><datafield ind1=" " ind2=" " tag="032"><subfield code="a">667380</subfield><subfield code="b">USPS</subfield></datafield><datafield ind1=" " ind2=" " tag="037"><subfield code="b">Washington County News, P.O. Box 550, St. George, UT 84770</subfield></datafield><datafield ind1=" " ind2=" " tag="042"><subfield code="a">msc</subfield><subfield code="a">nsdp</subfield></datafield><datafield ind1=" " ind2=" " tag="043"><subfield code="a">n-us-ut</subfield></datafield><datafield ind1="0" ind2=" " tag="130"><subfield code="a">Washington County news (Saint George, Utah : 1908)</subfield></datafield><datafield ind1=" " ind2="0" tag="222"><subfield code="a">Washington County news</subfield><subfield code="b">(Saint George, Utah)</subfield></datafield><datafield ind1="1" ind2="0" tag="245"><subfield code="a">Washington County news.</subfield></datafield><datafield ind1=" " ind2=" " tag="260"><subfield code="a">Saint George, Utah :</subfield><subfield code="b">J.R. Wallis,</subfield><subfield code="c">1908-</subfield></datafield><datafield ind1=" " ind2=" " tag="300"><subfield code="a">v. :</subfield><subfield code="b">ill. ;</subfield><subfield code="c">58 cm.</subfield></datafield><datafield ind1=" " ind2=" " tag="310"><subfield code="a">Semiweekly,</subfield><subfield code="b">&lt;Sept. 9, 1986-&gt;</subfield></datafield><datafield ind1=" " ind2=" " tag="321"><subfield code="a">Weekly,</subfield><subfield code="b">Jan. 30, 1908-</subfield></datafield><datafield ind1=" " ind2=" " tag="500"><subfield code="a">Publisher varies.</subfield></datafield><datafield ind1=" " ind2=" " tag="515"><subfield code="a">Vol. numbering dropped, e.g. &lt;Sept. 9, 1986-&gt; called only &lt;no. 37-&gt;</subfield></datafield><datafield ind1=" " ind2="0" tag="651"><subfield code="a">Saint George (Utah)</subfield><subfield code="v">Newspapers.</subfield></datafield><datafield ind1=" " ind2="0" tag="651"><subfield code="a">Washington County (Utah)</subfield><subfield code="v">Newspapers.</subfield></datafield><datafield ind1=" " ind2="7" tag="655"><subfield code="a">Newspapers.</subfield><subfield code="2">fast</subfield><subfield code="0">(OCoLC)fst01423814</subfield></datafield><datafield ind1=" " ind2="7" tag="651"><subfield code="a">Utah</subfield><subfield code="z">Saint George.</subfield><subfield code="2">fast</subfield><subfield code="0">(OCoLC)fst01223308</subfield></datafield><datafield ind1=" " ind2="7" tag="651"><subfield code="a">Utah</subfield><subfield code="z">Washington County.</subfield><subfield code="2">fast</subfield><subfield code="0">(OCoLC)fst01212878</subfield></datafield><datafield ind1=" " ind2=" " tag="752"><subfield code="a">United States</subfield><subfield code="b">Utah</subfield><subfield code="c">Washington</subfield><subfield code="d">Saint George.</subfield></datafield><datafield ind1=" " ind2=" " tag="936"><subfield code="a">Tuesday, Sept. 9, 1986</subfield></datafield></record>